@article{maier2000,
	author={H. R. Maier and G. C. Dandy},
	year=2000,
	title={Neural networks for the prediction and forecasting of water resources variables: a review of modelling issues and applications},
	journal={Environmental Modelling \& Software},
	volume={15},
	pages={101-124}
}

@article{hong2008,
	author={W. C. Hong},
	year=2008,
	title={Rainfall forecasting by technological machine learning methods},
	journal={Applied Mathematics and Computation},
	volume={200},
	number={1},
	pages={41-57}
}

@article{nasseri2008,
	author={M. Nasseri and K. Asghari and M. Abedini},
	year=2008,
	title={Optimized scenario for rainfall forecasting using genetic algorithm coupled with artificial neural network},
	journal={Expert Systems with Applications},
	volume={34},
	pages={1415-1421}
}

@article{applequist2002,
	author={S. Applequist and G. E. Gahrs and R. L. Pfeffer and X.-F. Niu},
	year=2002,
	title={Comparison of Methodologies for Probabilistic Quantitative Precipitation Forecasting},
	journal={Weather and Forecast},
	volume={17},
	number={4},
	pages={783-799}
}

@article{harris2007,
	author={D. Harris and F. Foufoula-Georgiou and K. K. Droegemeier and J. J. Levit},
	year=2007,
	title={Multiscale Statistical Properties of a High-Resolution Precipitation Forecast},
	journal={Journal of Hydrometeorology},
	volume={2},
	number={4},
	pages={406-418}
}

@article{kuligowski1998,
	author={R. J. Kuligowski and A. P. Barros},
	year=1998,
	title={Localized Precipitation Forecasts from a Numerical Weather Prediction Model Using Artificial Neural Networks},
	journal={Weather and Forecasting},
	volume={13},
	number={4},
	pages={1194-1204}
}

@article{ramirez2005,
	author={M. C. V. Ramirez and H. F. de Campos Velho and N. J. Ferreira},
	year=2005,
	title={Artificial neural network technique for rainfall forecasting applied to the {S}ao {P}aulo region},
	journal={Journal of Hydrology},
	volume={301},
	pages={146-162}
}