% This file was created with JabRef 2.10.
% Encoding: Cp1252


@Article{applequist2002,
  Title                    = {Comparison of Methodologies for Probabilistic Quantitative Precipitation Forecasting},
  Author                   = {S. Applequist and G. E. Gahrs and R. L. Pfeffer and X.-F. Niu},
  Journal                  = {Weather and Forecast},
  Year                     = {2002},
  Number                   = {4},
  Pages                    = {783-799},
  Volume                   = {17}
}

@Article{Bartok2010,
  Title                    = {Data mining and integration for predicting significant meteorological phenomena },
  Author                   = {Juraj Bartok and Ondrej Habala and Peter Bednar and Martin Gazak and Ladislav Hluchý},
  Journal                  = {Procedia Computer Science },
  Year                     = {2010},
  Note                     = {\{ICCS\} 2010 },
  Number                   = {1},
  Pages                    = {37 - 46},
  Volume                   = {1},

  Doi                      = {http://dx.doi.org/10.1016/j.procs.2010.04.006},
  ISSN                     = {1877-0509},
  Keywords                 = {Meteorological prediction},
  Owner                    = {Felipe},
  Timestamp                = {2014.04.23},
  Url                      = {http://www.sciencedirect.com/science/article/pii/S1877050910000074}
}

@Article{French1992,
  Title                    = {Rainfall forecasting in space and time using a neural network },
  Author                   = {Mark N. French and Witold F. Krajewski and Robert R. Cuykendall},
  Journal                  = {Journal of Hydrology },
  Year                     = {1992},
  Number                   = {1–4},
  Pages                    = {1 - 31},
  Volume                   = {137},

  Doi                      = {http://dx.doi.org/10.1016/0022-1694(92)90046-X},
  ISSN                     = {0022-1694},
  Owner                    = {Felipe},
  Timestamp                = {2014.04.23},
  Url                      = {http://www.sciencedirect.com/science/article/pii/002216949290046X}
}

@Article{Friedman2008,
  Title                    = {Sparse inverse covariance estimation with the graphical lasso},
  Author                   = {Friedman, Jerome and Hastie, Trevor and Tibshirani, Robert},
  Journal                  = {Biostatistics},
  Year                     = {2008},
  Number                   = {3},
  Pages                    = {432--441},
  Volume                   = {9},

  Publisher                = {Biometrika Trust}
}

@Article{Hall1999,
  Title                    = {Precipitation forecasting using a neural network.},
  Author                   = {Hall, Tony and Brooks, Harold E and Doswell III, Charles A},
  Journal                  = {Weather \& Forecasting},
  Year                     = {1999},
  Number                   = {3},
  Volume                   = {14},

  __markedentry            = {[Felipe:]},
  Owner                    = {Felipe},
  Timestamp                = {2014.04.23},
  Url                      = {http://search.ebscohost.com/login.aspx?direct=true&amp;profile=ehost&amp;scope=site&amp;authtype=crawler&amp;jrnl=08828156&amp;AN=5674112&amp;h=VrshiT4Z5gOxYk2IGjOSu57Nbm5be4c1%2BdLW%2FzGzJVhNdgr5FA6BTfxSV9JaMKwmV%2FDZnGE3eOxIj7Ixw9XE7g%3D%3D&amp;crl=c}
}

@Article{harris2007,
  Title                    = {Multiscale Statistical Properties of a High-Resolution Precipitation Forecast},
  Author                   = {D. Harris and F. Foufoula-Georgiou and K. K. Droegemeier and J. J. Levit},
  Journal                  = {Journal of Hydrometeorology},
  Year                     = {2007},
  Number                   = {4},
  Pages                    = {406-418},
  Volume                   = {2}
}

@Article{hong2008,
  Title                    = {Rainfall forecasting by technological machine learning methods},
  Author                   = {W. C. Hong},
  Journal                  = {Applied Mathematics and Computation},
  Year                     = {2008},
  Number                   = {1},
  Pages                    = {41-57},
  Volume                   = {200}
}

@Article{Kisi2011,
  Title                    = {Precipitation Forecasting Using Wavelet-Genetic Programming and Wavelet-Neuro-Fuzzy Conjunction Models},
  Author                   = {Kisi, Ozgur and Shiri, Jalal},
  Journal                  = {Water Resources Management},
  Year                     = {2011},
  Number                   = {13},
  Pages                    = {3135-3152},
  Volume                   = {25},

  Doi                      = {10.1007/s11269-011-9849-3},
  ISSN                     = {0920-4741},
  Keywords                 = {Precipitation; Genetic programming; Neuro-fuzzy; Wavelet; Modeling},
  Language                 = {English},
  Owner                    = {Felipe},
  Publisher                = {Springer Netherlands},
  Timestamp                = {2014.04.23},
  Url                      = {http://dx.doi.org/10.1007/s11269-011-9849-3}
}

@Article{Koizumi1999,
  Title                    = {An Objective Method to Modify Numerical Model Forecasts with Newly Given Weather Data Using an Artificial Neural Network},
  Author                   = {Koizumi, Ko},
  Journal                  = {Wea. Forecasting},
  Year                     = {1999},

  Month                    = feb,
  Number                   = {1},
  Pages                    = {109--118},
  Volume                   = {14},

  __markedentry            = {[Felipe:6]},
  Booktitle                = {Weather and Forecasting},
  Comment                  = {doi: 10.1175/1520-0434(1999)014<0109:AOMTMN>2.0.CO;2},
  Doi                      = {10.1175/1520-0434(1999)014<0109:AOMTMN>2.0.CO;2},
  ISSN                     = {0882-8156},
  Owner                    = {Felipe},
  Publisher                = {American Meteorological Society},
  Timestamp                = {2014.04.23},
  Url                      = {http://dx.doi.org/10.1175/1520-0434(1999)014<0109:AOMTMN>2.0.CO;2}
}

@Book{Koller2009,
  Title                    = {Probabilistic graphical models: principles and techniques},
  Author                   = {Koller, Daphne and Friedman, Nir},
  Publisher                = {MIT press},
  Year                     = {2009}
}

@Article{kuligowski1998,
  Title                    = {Localized Precipitation Forecasts from a Numerical Weather Prediction Model Using Artificial Neural Networks},
  Author                   = {R. J. Kuligowski and A. P. Barros},
  Journal                  = {Weather and Forecasting},
  Year                     = {1998},
  Number                   = {4},
  Pages                    = {1194-1204},
  Volume                   = {13}
}

@Article{maier2000,
  Title                    = {Neural networks for the prediction and forecasting of water resources variables: a review of modelling issues and applications},
  Author                   = {H. R. Maier and G. C. Dandy},
  Journal                  = {Environmental Modelling \& Software},
  Year                     = {2000},
  Pages                    = {101-124},
  Volume                   = {15}
}

@PhdThesis{malioutov2008approximate,
  Title                    = {Approximate inference in gaussian graphical models},
  Author                   = {Malioutov, Dmitry M},
  School                   = {Massachusetts Institute of Technology},
  Year                     = {2008}
}

@Article{meinshausen2006,
  Title                    = {High-dimensional graphs and variable selection with the lasso},
  Author                   = {Meinshausen, Nicolai and Buhlmann, Peter},
  Journal                  = {The Annals of Statistics},
  Year                     = {2006},
  Pages                    = {1436--1462},

  Publisher                = {JSTOR}
}

@Article{Moustris2011,
  Title                    = {Precipitation Forecast Using Artificial Neural Networks in Specific Regions of Greece},
  Author                   = {Moustris, KostasP. and Larissi, IoannaK. and Nastos, PanagiotisT. and Paliatsos, AthanasiosG.},
  Journal                  = {Water Resources Management},
  Year                     = {2011},
  Number                   = {8},
  Pages                    = {1979-1993},
  Volume                   = {25},

  Doi                      = {10.1007/s11269-011-9790-5},
  ISSN                     = {0920-4741},
  Keywords                 = {Precipitation forecast; Artificial Neural Networks; Greece},
  Language                 = {English},
  Owner                    = {Felipe},
  Publisher                = {Springer Netherlands},
  Timestamp                = {2014.04.23},
  Url                      = {http://dx.doi.org/10.1007/s11269-011-9790-5}
}

@InProceedings{murphy1999,
  Title                    = {Loopy belief propagation for approximate inference: An empirical study},
  Author                   = {Murphy, Kevin P and Weiss, Yair and Jordan, Michael I},
  Booktitle                = {Proceedings of the Fifteenth conference on Uncertainty in artificial intelligence},
  Year                     = {1999},
  Organization             = {Morgan Kaufmann Publishers Inc.},
  Pages                    = {467--475}
}

@Article{nasseri2008,
  Title                    = {Optimized scenario for rainfall forecasting using genetic algorithm coupled with artificial neural network},
  Author                   = {M. Nasseri and K. Asghari and M. Abedini},
  Journal                  = {Expert Systems with Applications},
  Year                     = {2008},
  Pages                    = {1415-1421},
  Volume                   = {34}
}

@Article{Partal2007,
  Title                    = {Wavelet and neuro-fuzzy conjunction model for precipitation forecasting },
  Author                   = {Turgay Partal and Ozgur Kisi},
  Journal                  = {Journal of Hydrology },
  Year                     = {2007},
  Number                   = {1–2},
  Pages                    = {199 - 212},
  Volume                   = {342},

  Doi                      = {http://dx.doi.org/10.1016/j.jhydrol.2007.05.026},
  ISSN                     = {0022-1694},
  Keywords                 = {Wavelet},
  Owner                    = {Felipe},
  Timestamp                = {2014.04.23},
  Url                      = {http://www.sciencedirect.com/science/article/pii/S0022169407003216}
}

@Article{ramirez2005,
  Title                    = {Artificial neural network technique for rainfall forecasting applied to the {S}ao {P}aulo region},
  Author                   = {M. C. V. Ramirez and H. F. de Campos Velho and N. J. Ferreira},
  Journal                  = {Journal of Hydrology},
  Year                     = {2005},
  Pages                    = {146-162},
  Volume                   = {301}
}

@Article{tibshirani1996,
  Title                    = {Regression shrinkage and selection via the lasso},
  Author                   = {Tibshirani, Robert},
  Journal                  = {Journal of the Royal Statistical Society. Series B (Methodological)},
  Year                     = {1996},
  Pages                    = {267--288},

  Publisher                = {JSTOR}
}

@Article{Yang2007,
  Title                    = {A data mining approach for heavy rainfall forecasting based on satellite image sequence analysis },
  Author                   = {Yubin Yang and Hui Lin and Zhongyang Guo and Jixi Jiang},
  Journal                  = {Computers \& Geosciences },
  Year                     = {2007},
  Number                   = {1},
  Pages                    = {20 - 30},
  Volume                   = {33},

  Doi                      = {http://dx.doi.org/10.1016/j.cageo.2006.05.010},
  ISSN                     = {0098-3004},
  Keywords                 = {Image sequence analysis},
  Owner                    = {Felipe},
  Timestamp                = {2014.04.23},
  Url                      = {http://www.sciencedirect.com/science/article/pii/S0098300406000823}
}

